%%%%%%%%%%%%%%%%%%%%%%%%%%%%%%%%%%%%%%%%%%%%%%%%%%%%%%%%%%%%%%%%%%%%%%%%%%%%%%%%
% BIBLIOGRAFÍA                                                                 %
%                                                                              %
% Objetivo: Recopilar las referencias a información utilizadas y/o algunas     %
%           otras que puedan resultar interesantes                             %
%%%%%%%%%%%%%%%%%%%%%%%%%%%%%%%%%%%%%%%%%%%%%%%%%%%%%%%%%%%%%%%%%%%%%%%%%%%%%%%%
@Book{ErlangBook,
  author = {Joe Armstrong and Mike Williams and Robert Virding},
  title = {Concurrent Programming in Erlang},
  edition = {2},
  publisher = {Prentice Hall},
  year = {1993}
}
@Misc{ErlangWebBook,
  language = {galician},
  author = {Fred Hébert},
  title = {Learn You Some Erlang for Great Good!},
  url = {https://learnyousomeerlang.com/},
  year = 2013
}
@Misc{mpi_hostfile_option,
  title = {Using hostfile option on mpirun},
  author = {openmpi.org},
  year = 2021,
  url = {https://www.open-mpi.org/faq/?category=running#mpirun-hostfile},
  urldate = {2021-06-30}
}

@article{benchmarks1994technical,
  title={NAS Technical Report RNR-94-007},
  author={Benchmarks, NAS Parallel},
  journal={NASA Ames Research},
  year={1994}
}